@inproceedings{dasgupta2017learning,
  title={Learning to code in localized programming languages},
  author={Dasgupta, Sayamindu and Hill, Benjamin Mako},
  booktitle={Proceedings of the fourth (2017) ACM conference on learning@ scale},
  pages={33--39},
  year={2017}
}

@article{awwad2017localization,
  title={Localization to bidirectional languages for a visual programming environment on smartphones},
  author={Awwad, Aiman M Ayyal},
  journal={International Journal of Computer Science Issues (IJCSI)},
  volume={14},
  number={3},
  pages={1},
  year={2017},
  publisher={International Journal of Computer Science Issues (IJCSI)}
}

@article{bassil2019phoenix,
  title={Phoenix--The Arabic Object-Oriented Programming Language},
  author={Bassil, Youssef},
  journal={arXiv preprint arXiv:1907.05871},
  year={2019}
}

@article{al1996design,
  title={DESIGN OF AN ARABIC PROGRAMMING LANGUAGE (ARABLAN)},
  author={AL-Aâ€™ALI, MANSOOR and HAMID, MOHAMMED},
  year={1996}
}

@article{al2007evaluation,
  title={Evaluation of teaching an Arabic programming language (ARABLANG)},
  author={Al-A'Ali, M},
  year={2007}
}

@inproceedings{iu2011babylscript,
  title={Babylscript: multilingual javascript},
  author={Iu, Ming-Yee Christopher},
  booktitle={Proceedings of the ACM international conference companion on Object-oriented programming systems languages and applications companion},
  pages={197--198},
  year={2011}
}

@article{othman2016arabic,
  title={Arabic Computer Programming Education Tool},
  author={Othman, Mohamed Tahar Ben},
  journal={International Journal on Islamic Applications in Computer Science And Technology},
  volume={4},
  number={1},
  pages={25},
  year={2016}
}

@inproceedings{slany2012mobile,
  title={A mobile visual programming system for Android smartphones and tablets},
  author={Slany, Wolfgang},
  booktitle={2012 IEEE Symposium on Visual Languages and Human-Centric Computing (VL/HCC)},
  pages={265--266},
  year={2012},
  organization={IEEE}
}

@article{razaq2019designing,
  title={Designing and implementing an Arabic programming language for teaching pupils},
  author={Razaq, Hussam Hatem Abdul and Gaser, Ayedh Shahadha and Mohammed, Mazin Abed and Yassen, Esam Taha and Mostafad, Salama A and Zeebaree, Subhi RM and Ibrahim, Dheyaa Ahmed and Abd Ghania, Mohd Khanapi and Farhan, Rabah N},
  journal={Journal of Southwest Jiaotong University},
  volume={54},
  number={3},
  year={2019}
}

@book{rojas2002first,
  title={The first computers: History and architectures},
  author={Rojas, Ra{\'u}l and Hashagen, Ulf},
  year={2002},
  publisher={MIT press}
}

@book{nystrom2021crafting,
  title={Crafting interpreters},
  author={Nystrom, Robert},
  year={2021},
  publisher={Genever Benning}
}

@inproceedings{arawjo2020write,
  title={To write code: The cultural fabrication of programming notation and practice},
  author={Arawjo, Ian},
  booktitle={Proceedings of the 2020 CHI Conference on Human Factors in Computing Systems},
  pages={1--15},
  year={2020}
}

@misc{ programmingparadigms,
   author = "Wikipedia",
   title = "Programming paradigm --- {W}ikipedia{,} The Free Encyclopedia",
   year = "2023",
   howpublished = {\url{https://en.wikipedia.org/wiki/Programming_paradigm}},
   note = "[Online; accessed 03-05-2023]"
 }

 @misc{ eclipseide,
   title = "Eclipse (software) --- {W}ikipedia{,} The Free Encyclopedia",
   year = "2023",
   howpublished = {\url{https://en.wikipedia.org/wiki/Eclipse_(software)}},
   note = "[Online; accessed 29-04-2023]"
 }

 @misc{ eclipseplugins,
   title = "FAQ What is a plug-in? --- Eclipse Foundation",
   year = "2011",
   howpublished = {\url{https://wiki.eclipse.org/FAQ_What_is_a_plug-in%3F}},
   note = "[Online; accessed 27-01-2011]"
 }
  @misc{ antlr,
   title = "What is ANTLR? --- ANTLR",
   howpublished = {\url{https://www.antlr.org/}},
 }
 https://www.antlr.org/

